<?xml version="1.0" encoding="utf-8"?>
<record xmlns="http://www.loc.gov/MARC21/slim" xmlns:xsi="http://www.w3.org/2001/XMLSchema-instance" xsi:schemaLocation="http://www.loc.gov/MARC21/slim http://www.loc.gov/standards/marcxml/schema/MARC21slim.xsd">
	<leader>
		03575nam a2200517   4500
	</leader>
	<controlfield tag="001">
		1881271
	</controlfield>
	<controlfield tag="003">
		NIC
	</controlfield>
	<controlfield tag="006">
		m        d        
	</controlfield>
	<controlfield tag="007">
		cr cn |||m|||a
	</controlfield>
	<controlfield tag="008">
		160129s1973    ir cf   o     000 0 arar 
	</controlfield>
	<datafield ind1=" " ind2=" " tag="040">
		<subfield code="a">
			NNU
		</subfield>
		<subfield code="b">
			eng
		</subfield>
		<subfield code="e">
			rda
		</subfield>
		<subfield code="c">
			NNU
		</subfield>
	</datafield>
	<datafield ind1="0" ind2=" " tag="041">
		<subfield code="a">
			ara
		</subfield>
		<subfield code="a">
			per
		</subfield>
	</datafield>
	<datafield ind1="0" ind2="0" tag="050">
		<subfield code="a">
			B741
		</subfield>
		<subfield code="b">
			.A77 1973
		</subfield>
	</datafield>
	<datafield ind1="1" ind2=" " tag="100">
		<subfield code="6">
			880-01
		</subfield>
		<subfield code="a">
			Āshtiyānī, Mahdī Mudarris,
		</subfield>
		<subfield code="d">
			1888-1952.
		</subfield>
	</datafield>
	<datafield ind1="1" ind2="0" tag="245">
		<subfield code="6">
			880-02
		</subfield>
		<subfield code="a">
			Taʻlīqah bar Sharḥ-i manẓūmah-ʼi ḥikmat-i Sabzavārī /
		</subfield>
		<subfield code="c">
			taʼlīf-i Mīrzā Mahdī Mudarris Āshtiyānī ; bi-ihtimām-i ʻAbd al-Javād Falāṭūrī va Mahdī Muḥaqqiq va Muqaddamah-ʼi Ingilīsī, Pirūfisūr Īzūtsū.
		</subfield>
	</datafield>
	<datafield ind1=" " ind2=" " tag="260">
		<subfield code="6">
			880-03
		</subfield>
		<subfield code="a">
			Tihrān :
		</subfield>
		<subfield code="b">
			Dānishgāh-i Mikʹgīl, Mūntrāl-Kanādā, Muʻassasah-ʼi Muṭālaʻāt-i Islāmī, Shuʻbah-ʼi Tihrān, bā hamkārī-i Dānishgāh-i Tihrān,
		</subfield>
		<subfield code="c">
			1973.
		</subfield>
	</datafield>
	<datafield ind1=" " ind2=" " tag="300">
		<subfield code="a">
			online resource (753, 11 pages, [2] leaves of plates) :
		</subfield>
		<subfield code="b">
			portraits
		</subfield>
	</datafield>
	<datafield ind1=" " ind2=" " tag="336">
		<subfield code="a">
			text
		</subfield>
		<subfield code="2">
			rdacontent
		</subfield>
	</datafield>
	<datafield ind1=" " ind2=" " tag="337">
		<subfield code="a">
			computer
		</subfield>
		<subfield code="2">
			rdamedia
		</subfield>
	</datafield>
	<datafield ind1=" " ind2=" " tag="338">
		<subfield code="a">
			online resource
		</subfield>
		<subfield code="2">
			rdacarrier
		</subfield>
	</datafield>
	<datafield ind1="1" ind2=" " tag="490">
		<subfield code="6">
			880-04
		</subfield>
		<subfield code="a">
			Silsilah-ʼi dānish-i Īrānī ;
		</subfield>
		<subfield code="v">
			2
		</subfield>
	</datafield>
	<datafield ind1=" " ind2=" " tag="500">
		<subfield code="a">
			In Arabic; introd. in English and Persian.
		</subfield>
	</datafield>
	<datafield ind1=" " ind2=" " tag="500">
		<subfield code="a">
			Part of the Arabic Collections Online (ACO) project, contributed by Cornell University Libraries.
		</subfield>
	</datafield>
	<datafield ind1=" " ind2=" " tag="533">
		<subfield code="a">
			Electronic reproduction.
		</subfield>
		<subfield code="b">
			New York, N.Y. :
		</subfield>
		<subfield code="c">
			New York University,
		</subfield>
		<subfield code="d">
			2016.
		</subfield>
		<subfield code="5">
			NNU
		</subfield>
	</datafield>
	<datafield ind1=" " ind2="0" tag="650">
		<subfield code="a">
			Islamic philosophy.
		</subfield>
	</datafield>
	<datafield ind1="1" ind2="0" tag="600">
		<subfield code="6">
			880-05
		</subfield>
		<subfield code="a">
			Sabzavārī, Hādī ibn Mahdī,
		</subfield>
		<subfield code="d">
			1797 or 1798-
		</subfield>
		<subfield code="t">
			Sharḥ al-manẓūmah fī al-ḥikmah.
		</subfield>
	</datafield>
	<datafield ind1="0" ind2="7" tag="630">
		<subfield code="a">
			Sharḥ al-manẓūmah fī al-ḥikmah (Sabzavārī, Hādī ibn Mahdī)
		</subfield>
		<subfield code="2">
			fast
		</subfield>
		<subfield code="0">
			(OCoLC)fst01369900
		</subfield>
	</datafield>
	<datafield ind1=" " ind2="7" tag="650">
		<subfield code="a">
			Islamic philosophy.
		</subfield>
		<subfield code="2">
			fast
		</subfield>
		<subfield code="0">
			(OCoLC)fst01730358
		</subfield>
	</datafield>
	<datafield ind1="1" ind2=" " tag="700">
		<subfield code="6">
			880-06
		</subfield>
		<subfield code="a">
			Falaturi, Abdoldjavad,
		</subfield>
		<subfield code="d">
			1926-
		</subfield>
	</datafield>
	<datafield ind1="1" ind2=" " tag="700">
		<subfield code="6">
			880-07
		</subfield>
		<subfield code="a">
			Muḥaqqiq, Mahdī.
		</subfield>
	</datafield>
	<datafield ind1="2" ind2=" " tag="710">
		<subfield code="a">
			Cornell University.
		</subfield>
		<subfield code="b">
			Libraries.
		</subfield>
	</datafield>
	<datafield ind1="0" ind2=" " tag="730">
		<subfield code="a">
			Arabic Collections Online.
		</subfield>
	</datafield>
	<datafield ind1="0" ind2="8" tag="776">
		<subfield code="i">
			Online version:
		</subfield>
		<subfield code="a">
			Āshtiyānī, Mahdī Mudarris, 1888-1952.
		</subfield>
		<subfield code="t">
			Taʻlīqah bar Sharḥ-i manẓūmah-ʼi ḥikmat-i Sabzavārī.
		</subfield>
		<subfield code="d">
			Tihrān : Dānishgāh-i Mikʹgīl, Mūntrāl-Kanādā, Muʻassasah-ʼi Muṭālaʻāt-i Islāmī, Shuʻbah-ʼi Tihrān, bā hamkārī-i Dānishgāh-i Tihrān, 1973
		</subfield>
		<subfield code="w">
			(OCoLC)571468941
		</subfield>
	</datafield>
	<datafield ind1="0" ind2="8" tag="776">
		<subfield code="i">
			Print version:
		</subfield>
		<subfield code="a">
			Āshtiyānī, Mahdī Mudarris, 1888-1952.
		</subfield>
		<subfield code="t">
			Taʻlīqah bar Sharḥ-i manẓūmah-ʼi ḥikmat-i Sabzavārī
		</subfield>
		<subfield code="w">
			(NIC)1881271
		</subfield>
		<subfield code="w">
			(DLC)   85930414 
		</subfield>
		<subfield code="w">
			(OCoLC)12809380
		</subfield>
	</datafield>
	<datafield ind1=" " ind2="0" tag="830">
		<subfield code="6">
			880-08
		</subfield>
		<subfield code="a">
			Silsilah-ʼi dānish-i Īrānī ;
		</subfield>
		<subfield code="v">
			2.
		</subfield>
	</datafield>
	<datafield ind1="4" ind2="0" tag="856">
		<subfield code="u">
			http://hdl.handle.net/2333.1/47d7wq9t
		</subfield>
	</datafield>
	<datafield ind1="1" ind2=" " tag="880">
		<subfield code="6">
			100-01/r
		</subfield>
		<subfield code="a">
			آشتيانى، مهدى مدرس.
		</subfield>
	</datafield>
	<datafield ind1="1" ind2="0" tag="880">
		<subfield code="6">
			245-02/r
		</subfield>
		<subfield code="a">
			تعليقه بر شرح منظومۀ حكمت سبزواري /
		</subfield>
		<subfield code="c">
			تأليف ميرزا مهدي آشتياني ؛ باهتمام عبد الجواد فلاطوري و مهدي محقق و مقدمۀ انگليسي پروفسور ايزوتسو.
		</subfield>
	</datafield>
	<datafield ind1=" " ind2=" " tag="880">
		<subfield code="6">
			260-03/r
		</subfield>
		<subfield code="a">
			تهران :
		</subfield>
		<subfield code="b">
			دانشگاه مك گيل، مونترال - كانادا، مؤسسۀ مطالعات اسلامي، شعبۀ تهران، با همكاري دانشگاه تهران،
		</subfield>
		<subfield code="c">
			1973.
		</subfield>
	</datafield>
	<datafield ind1="1" ind2=" " tag="880">
		<subfield code="6">
			490-04/r
		</subfield>
		<subfield code="a">
			سلسلۀ دانش ايرانى ؛
		</subfield>
		<subfield code="v">
			2
		</subfield>
	</datafield>
	<datafield ind1="1" ind2="4" tag="880">
		<subfield code="6">
			600-05/r
		</subfield>
		<subfield code="a">
			سبزوارى، هادى بن مهدى.
		</subfield>
		<subfield code="t">
			شرح المنضومه فى الحكمه.
		</subfield>
	</datafield>
	<datafield ind1="1" ind2=" " tag="880">
		<subfield code="6">
			700-06/r
		</subfield>
		<subfield code="a">
			عبداجواد فلاطوري.
		</subfield>
	</datafield>
	<datafield ind1="1" ind2=" " tag="880">
		<subfield code="6">
			700-07/r
		</subfield>
		<subfield code="a">
			مهدي محقق.
		</subfield>
	</datafield>
	<datafield ind1=" " ind2="0" tag="880">
		<subfield code="6">
			830-08/r
		</subfield>
		<subfield code="a">
			سلسلۀ دانش ايرانى ؛ ;
		</subfield>
		<subfield code="v">
			2.
		</subfield>
	</datafield>
	<datafield ind1=" " ind2=" " tag="959">
		<subfield code="a">
			NNU
		</subfield>
		<subfield code="b">
			WEB
		</subfield>
		<subfield code="c">
			GENI
		</subfield>
		<subfield code="t">
			0
		</subfield>
		<subfield code="m">
			Electronic access
		</subfield>
		<subfield code="s">
			01
		</subfield>
	</datafield>
	<datafield ind1=" " ind2=" " tag="999">
		<subfield code="i">
			NIC_1881271
		</subfield>
		<subfield code="o">
			(OCoLC)ocm12809380 
		</subfield>
		<subfield code="s">
			cornell_aco000515
		</subfield>
	</datafield>
</record>
